@phdthesis{Schuderer2019,
  author      = {Johanna Schuderer},
  title       = {Acoustic radiation force impuls (ARFI)-Elastographie des Pankreas},
  type        = {doctoralthesis},
  school      = {Friedrich-Alexander-Universit{\"a}t Erlangen-N{\"u}rnberg (FAU)},
  year        = {2019},
}
@inproceedings{FendtWerblinskiZiganetal.2017,
  author    = {Peter Fendt and Thomas Werblinski and Lars Zigan and Stefan Will},
  title     = {Influence of different spectroscopic line lists on the multiparameter determination by supercontinuum absorption spectroscopy at IC engine relevant conditions},
  booktitle = {Proceedings of the European Combustion Meeting 2017},
  year      = {2017},
}
@phdthesis{Osmanlic2019,
  author      = {Fuad Osmanlic},
  title       = {Modeling of Selective Laser Sintering of Viscoelastic Polymers},
  type        = {doctoralthesis},
  pages       = {147},
  school      = {Friedrich-Alexander-Universit{\"a}t Erlangen-N{\"u}rnberg (FAU)},
  year        = {2019},
}
@phdthesis{Geburtig2019,
  author      = {Denise Geburtig},
  title       = {Transfer hydrogenation using Liquid Organic Hydrogen Carrier systems as hydrogen source},
  type        = {doctoralthesis},
  school      = {Friedrich-Alexander-Universit{\"a}t Erlangen-N{\"u}rnberg (FAU)},
  year        = {2019},
}
@phdthesis{Nooh2019,
  author      = {Ehab Nooh},
  title       = {Entwicklung eines Risiko-Scoring-Systems zur Pr{\"a}diktion und Vermeidung postoperativer Komplikationen nach Sternum-Osteosynthese bei offenen Herzoperationen MUST (MalUnion of STernum) Score},
  type        = {doctoralthesis},
  school      = {Friedrich-Alexander-Universit{\"a}t Erlangen-N{\"u}rnberg (FAU)},
  year        = {2019},
}
@phdthesis{Knoblach2019,
  author      = {Nadine Knoblach},
  title       = {Untersuchung der neuroglialen Stammzellfaktoren Sox8 und Sox10 im Rahmen der Experimentellen Autoimmunen Enzephalomyelitis als Modell f{\"u}r die Multiple Sklerose},
  type        = {doctoralthesis},
  pages       = {84},
  school      = {Friedrich-Alexander-Universit{\"a}t Erlangen-N{\"u}rnberg (FAU)},
  year        = {2019},
}
@phdthesis{Menzner2019,
  author      = {Ann-Katrin Menzner},
  title       = {Einfluss von Wasserstoffperoxid auf die Differenzierung und Funktionalit{\"a}t humaner dendritischer Zellen},
  type        = {doctoralthesis},
  pages       = {123},
  school      = {Friedrich-Alexander-Universit{\"a}t Erlangen-N{\"u}rnberg (FAU)},
  year        = {2019},
}
@inproceedings{ReubenFey2019,
  author    = {John Reuben and Dietmar Fey},
  title     = {A Time-based Sensing Scheme for Multi-level Cell (MLC) Resistive RAM},
  year      = {2019},
}
@book{StuernerBendel2019,
  author    = {Janina St{\"u}rner and Petra Bendel},
  title     = {Valuing Local Ownership: Refugees and Municipalities as Actors in the Search for Sustainable Solutions to Displacement},
  isbn      = {978-3-96147-255-0},
  doi       = {10.25593/978-3-96147-255-0},
  year      = {2019},
}@phdthesis{Yousefi2019,
  author      = {Peyman Yousefi},
  title       = {Neuartige Silizium-Nanostrukturen f{\"u}r dielektrische Laserbeschleuniger},
  type        = {doctoralthesis},
  school      = {Friedrich-Alexander-Universit{\"a}t Erlangen-N{\"u}rnberg (FAU)},
  year        = {2019},
}
@phdthesis{Do2019,
  author      = {Giang Truong Do},
  title       = {Reaktionstechnische Charakterisierung und katalytische Funktionalisierung von additiv gefertigten Reaktorstrukturen},
  type        = {doctoralthesis},
  school      = {Friedrich-Alexander-Universit{\"a}t Erlangen-N{\"u}rnberg (FAU)},
  year        = {2019},
}
@phdthesis{Vitali2019,
  author      = {Francesco Vitali},
  title       = {Einfluss von Entz{\"u}ndungszeichen am Pankreasgewebe in der endosonographischen Differentialdiagnostik solider Pankreasraumforderungen},
  type        = {doctoralthesis},
  school      = {Friedrich-Alexander-Universit{\"a}t Erlangen-N{\"u}rnberg (FAU)},
  year        = {2019},
}
@book{Peschel2019,
  author    = {Dietmar Peschel},
  title     = {Wie soll ich das nun wieder verstehen? : M{\"o}gliche {\"U}bersetzungen zu allen m{\"o}glichen Leides-Leibes-Liebesgeschichten und Liedergedichten aus aller m{\"o}glichen Herren L{\"a}ndern, meist aus dem Mittelalter},
  edition   = {2. Auflage},
  isbn      = {978-3-96147-243-7},
  doi       = {10.25593/978-3-96147-243-7},
  year      = {2019},
}
@phdthesis{Kilger2019,
  author      = {Jonas Kilger},
  title       = {Prognostischer Wert des Herz-CTs im Langzeit-Follow-up bei Patienten mit Verdacht auf koronare Herzkrankheit},
  type        = {doctoralthesis},
  pages       = {1 - 56},
  school      = {Friedrich-Alexander-Universit{\"a}t Erlangen-N{\"u}rnberg (FAU)},
  year        = {2019},
}
@phdthesis{Staudacher2019,
  author      = {Gerald Staudacher},
  title       = {Magnetoencephalographische und psychophysische Untersuchung nach olfaktorischer Stimulation},
  type        = {doctoralthesis},
  school      = {Friedrich-Alexander-Universit{\"a}t Erlangen-N{\"u}rnberg (FAU)},
  year        = {2019},
}
@phdthesis{FichnagebWolfram2019,
  author      = {Franziska Fichna, geb. Wolfram},
  title       = {Computerunterst{\"u}tzte pr{\"a}operative Herstellung von Titanplatten zur Rekonstruktion der Mandibula nach Unterkiefer-Teilresektion - Ein Kosten-Nutzen-Vergleich},
  type        = {doctoralthesis},
  pages       = {106},
  school      = {Friedrich-Alexander-Universit{\"a}t Erlangen-N{\"u}rnberg (FAU)},
  year        = {2019},
}
@phdthesis{TranVinh2019,
  author      = {Nicola Tran-Vinh},
  title       = {Fettstoffwechsel bei Patienten mit Harns{\"a}uresteinen und Kalziumoxalatsteinen},
  type        = {doctoralthesis},
  pages       = {166},
  school      = {Friedrich-Alexander-Universit{\"a}t Erlangen-N{\"u}rnberg (FAU)},
  year        = {2019},
}
@phdthesis{Strack2019,
  author      = {Daniel Strack},
  title       = {DCEUS Quantifizierung und Differenzierung von prim{\"a}ren und sekund{\"a}ren Leberl{\"a}sionen},
  type        = {doctoralthesis},
  pages       = {66 Seiten},
  school      = {Friedrich-Alexander-Universit{\"a}t Erlangen-N{\"u}rnberg (FAU)},
  year        = {2019},
}
@phdthesis{Dumperth2019,
  author      = {Christian Dumperth},
  title       = {Three-dimensional numerical investigations on Huangtupo landslide (P.R. China): From the slope reconstruction to the implementation into an integrative early warning system},
  type        = {doctoralthesis},
  pages       = {201},
  school      = {Friedrich-Alexander-Universit{\"a}t Erlangen-N{\"u}rnberg (FAU)},
  year        = {2019},
}
@phdthesis{Wester2019,
  author      = {Viviane Wester},
  title       = {Pr{\"a}ventive Sonnenschutzaktivit{\"a}ten bei 3- bis 6-j{\"a}hrigen Kindern: Ein Stadt-Land-Vergleich an Kinderg{\"a}rten der Region F{\"u}rth},
  type        = {doctoralthesis},
  school      = {Friedrich-Alexander-Universit{\"a}t Erlangen-N{\"u}rnberg (FAU)},
  year        = {2019},
}
@phdthesis{RamirezQuiroz2019,
  author      = {C{\'e}sar Omar Ram{\'i}rez Quiroz},
  title       = {Efficient perovskite tandem solar-cells: Structure, optimization and novel concepts.},
  type        = {doctoralthesis},
  pages       = {1-184},
  school      = {Friedrich-Alexander-Universit{\"a}t Erlangen-N{\"u}rnberg (FAU)},
  year        = {2019},
}
@phdthesis{Bergmann2019,
  author      = {Benedikt Bergmann},
  title       = {Detection and separation of x-rays, neutrons and charged particles using hybrid pixel detectors},
  type        = {doctoralthesis},
  school      = {Friedrich-Alexander-Universit{\"a}t Erlangen-N{\"u}rnberg (FAU)},
  year        = {2019},
}
@phdthesis{Schwinger2019,
  author      = {Miriam Schwinger},
  title       = {Pr{\"a}diktoren des Geburtsgewichts},
  type        = {doctoralthesis},
  pages       = {57},
  school      = {Friedrich-Alexander-Universit{\"a}t Erlangen-N{\"u}rnberg (FAU)},
  year        = {2019},
}
@phdthesis{Araujo2019,
  author      = {Elizabeth Araujo},
  title       = {Tophus Resolution with Pegloticase: a prospective dual energy-CT study},
  type        = {doctoralthesis},
  pages       = {30},
  school      = {Friedrich-Alexander-Universit{\"a}t Erlangen-N{\"u}rnberg (FAU)},
  year        = {2019},
}
@book{lamport1994latex,
  title={\LaTeX: a document preparation system: user's guide and reference manual},
  author={Lamport, Leslie},
  year={1994},
  edition={2},
  publisher={Addison-Wesley}
}
