@phdthesis{Dietrich2009,
  author      = {Simon Dietrich},
  title       = {Sensoriken zur Schwerpunktslagebestimmung der optischen Prozessemissionen beim Laserstrahltiefschweißen},
  type        = {doctoralthesis},
  pages       = {138 Seiten, 70 Bilder, 5 Tabellen},
  school      = {Friedrich-Alexander-Universit{\"a}t Erlangen-N{\"u}rnberg (FAU)},
  doi       = {10.25593/978-3-87525-292-7},
  year        = {2009},
}
@phdthesis{Landrith2019,
  author      = {Silke Landrith},
  title       = {Untersuchung der Invasivit{\"a}t von prim{\"a}ren Endometriosezellen},
  type        = {doctoralthesis},
  school      = {Friedrich-Alexander-Universit{\"a}t Erlangen-N{\"u}rnberg (FAU)},
  year        = {2019},
}
@mastersthesis{Christgau2019,
  author      = {Cordula Christgau},
  title       = {Das p{\"a}pstliche Amtsverst{\"a}ndnis Nikolaus' I. in seiner Briefkorrespondenz : Das Verh{\"a}ltnis zu weltlichen Herrschern sowie dem Episkopat im Ehestreit Lothars II. und im Photianischen Schisma},
  type        = {masterthesis},
  pages       = {iii, 158 Seiten},
  school      = {FAU University Press},
  year        = {2019},
}
@incollection{Schoentag2019a,
  author    = {Roger Sch{\"o}ntag},
  title     = {Die Dichtung des 'Rei Poeta' Dom Dinis. Die {\"U}bersetzung einer 'cantiga d'amor' aus dem Altportugiesischen},
  booktitle = {Varia selecta},
  isbn      = {9783000625053},
  year      = {2019},
}
@phdthesis{Sun2019,
  author      = {Yan Sun},
  title       = {Advanced Resource Allocation for 5G Wireless Communication Systems and Beyond},
  type        = {doctoralthesis},
  school      = {Friedrich-Alexander-Universit{\"a}t Erlangen-N{\"u}rnberg (FAU)},
  year        = {2019},
  keywords    = {test},
}
@phdthesis{Haase2019,
  author      = {Armin Haase},
  title       = {Dotierung von CVD-Diamant f{\"u}r die n-Leitung},
  type        = {doctoralthesis},
  school      = {Friedrich-Alexander-Universit{\"a}t Erlangen-N{\"u}rnberg (FAU)},
  year        = {2019},
}
@phdthesis{Schnabel2019,
  author      = {Jutta Schnabel},
  title       = {Search for a cosmic neutrino flux from all neutrino flavours with ANTARES},
  type        = {doctoralthesis},
  pages       = {183},
  school      = {Friedrich-Alexander-Universit{\"a}t Erlangen-N{\"u}rnberg (FAU)},
  year        = {2019},
}
@phdthesis{Berner2019,
  author      = {Daniel Berner},
  title       = {Identification and functional characterization of regulatory risk variants and novel pathways for pseudoexfoliation syndrome and glaucoma},
  type        = {doctoralthesis},
  pages       = {1 - 167},
  school      = {Friedrich-Alexander-Universit{\"a}t Erlangen-N{\"u}rnberg (FAU)},
  year        = {2019},
}
@phdthesis{Proisl2019,
  author      = {Thomas Proisl},
  title       = {The cooccurrence of linguistic structures},
  type        = {doctoralthesis},
  pages       = {xxiii, 235 Seiten},
  school      = {FAU University Press},
  doi       = {10.25593/978-3-96147-201-7},
  year        = {2019},
}
@phdthesis{Euba2019,
  author      = {Martin Euba},
  title       = {Frontzahntraumata bei Sch{\"u}lerinnen und Sch{\"u}lern an Grundschulen, Mittelschulen, Realschulen und Gymnasien - Eine Evaluation des Kenntnisstandes von Lehrerinnen und Lehrern und Schulsekret{\"a}rinnen vor und nach einer Weiterbildung},
  type        = {doctoralthesis},
  school      = {Friedrich-Alexander-Universit{\"a}t Erlangen-N{\"u}rnberg (FAU)},
  year        = {2019},
}
@phdthesis{Hegmann2019,
  author      = {Nina Hegmann},
  title       = {Synthese von Spirozyklohexadienonen und Anwendungen zur konformationellen Fixierung der Amidbindung},
  type        = {doctoralthesis},
  school      = {Friedrich-Alexander-Universit{\"a}t Erlangen-N{\"u}rnberg (FAU)},
  year        = {2019},
}
@phdthesis{Schroeder2019,
  author      = {Sina Schr{\"o}der},
  title       = {Quantification and Functional Characterization of CD16 Positive Monocytes in Multiple Sclerosis},
  type        = {doctoralthesis},
  school      = {Friedrich-Alexander-Universit{\"a}t Erlangen-N{\"u}rnberg (FAU)},
  year        = {2019},
}
@phdthesis{Schimpf2009,
  author      = {Claudius Schimpf},
  title       = {Optimierung von Zuverl{\"a}ssigkeitsuntersuchungen, Pr{\"u}fabl{\"a}ufen und Nacharbeitsprozessen in der Elektronikproduktion},
  type        = {doctoralthesis},
  pages       = {162 Seiten, 90 Bilder, 14 Tabellen},
  school      = {Friedrich-Alexander-Universit{\"a}t Erlangen-N{\"u}rnberg (FAU)},
  doi       = {10.25593/978-3-87525-290-3},
  year        = {2009},
}
@phdthesis{Schaller2009,
  author      = {Andreas Schaller},
  title       = {Modellierung eines nachfrageorientierten Produktionskonzeptes f{\"u}r mobile Telekommunikationsger{\"a}te},
  type        = {doctoralthesis},
  pages       = {120 Seiten, 79 Bilder, 0 Tabellen},
  school      = {Friedrich-Alexander-Universit{\"a}t Erlangen-N{\"u}rnberg (FAU)},
  doi       = {10.25593/978-3-87525-289-7},
  year        = {2009},
}
@phdthesis{Blankl2009,
  author      = {Andreas Blankl},
  title       = {Untersuchungen zur Erh{\"o}hung der Prozessrobustheit bei der Innenhochdruck-Umformung von fl{\"a}chigen Halbzeugen mit vor- bzw. nachgeschalteten Laserstrahlf{\"u}geoperationen},
  type        = {doctoralthesis},
  pages       = {120 Seiten, 68 Bilder, 9 Tabellen},
  school      = {Friedrich-Alexander-Universit{\"a}t Erlangen-N{\"u}rnberg (FAU)},
  doi       = {10.25593/978-3-87525-287-3},
  year        = {2009},
}
@phdthesis{Lechler2009,
  author      = {J{\"u}rgen Lechler},
  title       = {Beschreibung und Modellierung des Werkstoffverhaltens von pressh{\"a}rtbaren Bor-Manganst{\"a}hlen},
  type        = {doctoralthesis},
  pages       = {154 Seiten, 75 Bilder, 12 Tabellen},
  school      = {Friedrich-Alexander-Universit{\"a}t Erlangen-N{\"u}rnberg (FAU)},
  doi       = {10.25593/978-3-87525-286-6},
  year        = {2009},
}
@phdthesis{Giera2008,
  author      = {Artur Giera},
  title       = {Prozesstechnische Untersuchungen zum R{\"u}hrreibschweißen metallischer Werkstoffe},
  type        = {doctoralthesis},
  pages       = {179 Seiten, 104 Bilder, 36 Tabellen},
  school      = {Friedrich-Alexander-Universit{\"a}t Erlangen-N{\"u}rnberg (FAU)},
  doi       = {10.25593/978-3-87525-282-8},
  year        = {2008},
}
@phdthesis{Roth2008,
  author      = {Stephan Roth},
  title       = {Grundlegende Untersuchungen zum Excimerlaserstrahl-Abtragen unter Fl{\"u}ssigkeitsfilmen},
  type        = {doctoralthesis},
  pages       = {113 Seiten, 47 Bilder, 14 Tabellen},
  school      = {Friedrich-Alexander-Universit{\"a}t Erlangen-N{\"u}rnberg (FAU)},
  doi       = {10.25593/978-3-87525-281-1},
  year        = {2008},
}
@phdthesis{Bigl2008,
  author      = {Thomas Bigl},
  title       = {Entwicklung, angepasste Herstellungsverfahren und erweiterte Qualit{\"a}tssicherung von einsatzgerechten elektronischen Baugruppen},
  type        = {doctoralthesis},
  pages       = {175 Seiten, 107 Bilder, 14 Tabellen},
  school      = {Friedrich-Alexander-Universit{\"a}t Erlangen-N{\"u}rnberg (FAU)},
  doi       = {10.25593/978-3-87525-280-4},
  year        = {2008},
}
@phdthesis{Hussnaetter2008,
  author      = {Wolfgang Hußn{\"a}tter},
  title       = {Grundlegende Untersuchungen zur experimentellen Ermittlung und zur Modellierung von Fließortkurven bei erh{\"o}hten Temperaturen},
  type        = {doctoralthesis},
  pages       = {152 Seiten, 73 Bilder, 21 Tabellen},
  school      = {Friedrich-Alexander-Universit{\"a}t Erlangen-N{\"u}rnberg (FAU)},
  doi       = {10.25593/978-3-87525-279-8},
  year        = {2008},
}
@phdthesis{Kunze2008,
  author      = {Andreas Kunze},
  title       = {Automatisierte Montage von makromechatronischen Modulen zur flexiblen Integration in hybride Pkw-Bordnetzsysteme},
  type        = {doctoralthesis},
  pages       = {160 Seiten, 90 Bilder, 14 Tabellen},
  school      = {Friedrich-Alexander-Universit{\"a}t Erlangen-N{\"u}rnberg (FAU)},
  doi       = {10.25593/978-3-87525-278-1},
  year        = {2008},
}
@phdthesis{Alvarez2008,
  author      = {Christian Alvarez},
  title       = {Simulationsgest{\"u}tzte Methoden zur effizienten Gestaltung von L{\"o}tprozessen in der Elektronikproduktion},
  type        = {doctoralthesis},
  pages       = {149 Seiten, 86 Bilder, 8 Tabellen},
  school      = {Friedrich-Alexander-Universit{\"a}t Erlangen-N{\"u}rnberg (FAU)},
  doi       = {10.25593/978-3-87525-277-4},
  year        = {2008},
}
@phdthesis{Hoff2007,
  author      = {Cornelia Hoff},
  title       = {Untersuchung der Prozesseinflussgr{\"o}ßen beim Pressh{\"a}rten des h{\"o}chstfesten Verg{\"u}tungsstahls 22MnB5},
  type        = {doctoralthesis},
  pages       = {133 Seiten, 92 Bilder, 5 Tabellen},
  school      = {Friedrich-Alexander-Universit{\"a}t Erlangen-N{\"u}rnberg (FAU)},
  doi       = {10.25593/978-3-87525-275-0},
  year        = {2007},
}
@phdthesis{Tolazzi2008,
  author      = {Massimo Tolazzi},
  title       = {Innenhochdruck-Umformen verst{\"a}rkter Blech-Rahmenstrukturen},
  type        = {doctoralthesis},
  pages       = {164 Seiten, 85 Bilder, 7 Tabellen},
  school      = {Friedrich-Alexander-Universit{\"a}t Erlangen-N{\"u}rnberg (FAU)},
  doi       = {10.25593/978-3-87525-273-6},
  year        = {2008},
}
@phdthesis{Voelkl2008,
  author      = {Ralf V{\"o}lkl},
  title       = {Stochastische Simulation zur Werkzeuglebensdaueroptimierung und Pr{\"a}zisionsfertigung in der Kaltmassivumformung},
  type        = {doctoralthesis},
  pages       = {178 Seiten, 75 Bilder, 12 Tabellen},
  school      = {Friedrich-Alexander-Universit{\"a}t Erlangen-N{\"u}rnberg (FAU)},
  doi       = {10.25593/978-3-87525-272-9},
  year        = {2008},
}
@phdthesis{Hecht2007,
  author      = {Joachim Hecht},
  title       = {Werkstoffcharakterisierung und Prozessauslegung f{\"u}r die wirkmedienbasierte Doppelblech-Umformung von Magnesiumlegierungen},
  type        = {doctoralthesis},
  pages       = {107 Seiten, 91 Bilder, 2 Tabellen},
  school      = {Friedrich-Alexander-Universit{\"a}t Erlangen-N{\"u}rnberg (FAU)},
  doi       = {10.25593/978-3-87525-270-5},
  year        = {2007},
}
@phdthesis{Christoph2019,
  author      = {Jan Christoph},
  title       = {Entwicklung, Einf{\"u}hrung und Evaluation von IT-Plattformen zur Unterst{\"u}tzung der biomedizinischen Datenintegration und -analyse},
  type        = {doctoralthesis},
  pages       = {99},
  school      = {Friedrich-Alexander-Universit{\"a}t Erlangen-N{\"u}rnberg (FAU)},
  year        = {2019},
}
@phdthesis{Hirsch2019,
  author      = {Maria Hirsch},
  title       = {X-ray Observations of Black Holes},
  type        = {doctoralthesis},
  pages       = {112},
  school      = {Friedrich-Alexander-Universit{\"a}t Erlangen-N{\"u}rnberg (FAU)},
  year        = {2019},
}
@article{TajmirRiahiWoerlHarreretal.2017,
  author    = {Azadeh Tajmir-Riahi and Petra W{\"o}rl and Thomas Harrer and Stefan Schliep and Gerold Schuler and Miklos Simon},
  title     = {Life-Threatening Atypical Case of Acute Generalized Exanthematous Pustulosis},
  journal   = {International Archives of Allergy and Immunology},
  volume    = {174},
  number    = {2},
  doi       = {10.1159/000480700},
  year      = {2017},
}
@article{FuchslugerKruse2016,
  author    = {Thomas A. Fuchsluger and Friedrich E. Kruse},
  title     = {Hornhaut-Transplantation in Hochrisikosituationen},
  journal   = {Karger Kompass Ophthalmologie},
  volume    = {2},
  number    = {1},
  doi       = {10.1159/000440670},
  year      = {2016},
}
@phdthesis{Simon2019,
  author      = {Christoph Ernst Simon},
  title       = {Etablierung von 3D Drucken zur Darstellung von Gelenksdestruktionen bei der rheumatoiden Arthritis und gesunden Vergleichsgelenken},
  type        = {doctoralthesis},
  pages       = {62},
  school      = {Friedrich-Alexander-Universit{\"a}t Erlangen-N{\"u}rnberg (FAU)},
  year        = {2019},
}
@article{HoehnMonsePohletal.2016,
  author    = {Richard Hoehn and Marlene Monse and Ella Pohl and Sina Wranik and Barbara Wilker and Simone Keitsch and Matthias Soddemann and Johannes Kornhuber and Marcus Kohnen and Michael J. Edwards and Heike Grassm{\'e} and Erich Gulbins},
  title     = {Melatonin Acts as an Antidepressant by Inhibition of the Acid Sphingomyelinase/Ceramide System},
  journal   = {Neurosignals},
  volume    = {24},
  number    = {1},
  doi       = {10.1159/000442611},
  year      = {2016},
}
@article{GulbinsGrasmeHoehnetal.2016,
  author    = {Anne Gulbins and Heike Grasm{\'e} and Richard Hoehn and Marcus Kohnen and Michael J. Edwards and Johannes Kornhuber and Erich Gulbins},
  title     = {Role of Janus-Kinases in Major Depressive Disorder},
  journal   = {Neurosignals},
  volume    = {24},
  number    = {1},
  doi       = {10.1159/000442613},
  year      = {2016},
}
@article{NielsenGeorgiadouBartschetal.2017,
  author    = {Friedrich Nielsen and Ekaterini Georgiadou and Merle Bartsch and Svenja Langenberg and Astrid M{\"u}ller and Martina de Zwaan},
  title     = {Attention Deficit Hyperactivity Disorder Prevalence and Correlates Pre- and Post-Bariatric Surgery: A Comparative Cross-Sectional Study},
  journal   = {Obesity Facts},
  volume    = {10},
  number    = {1},
  doi       = {10.1159/000452999},
  year      = {2017},
}
@article{RuffBockletNoethetal.2017,
  author    = {Suzan Ruff and Tobias Bocklet and Elmar N{\"o}th and Joachim M{\"u}ller and Eva Hoster and Maria Schuster},
  title     = {Speech Production Quality of Cochlear Implant Users with Respect to Duration and Onset of Hearing Loss},
  journal   = {ORL},
  volume    = {79},
  number    = {5},
  doi       = {10.1159/000479819},
  year      = {2017},
}
@article{BergmannBruggerHerretal.2015,
  author    = {Lothar Bergmann and Wolfram Brugger and Wolfgang Herr and Andreas Mackensen and Gabriele Multhoff},
  title     = {Welche Chancen bietet die Immunonkologie f{\"u}r ein indikations{\"u}bergreifendes Langzeit{\"u}berleben?},
  journal   = {Oncology Research and Treatment},
  volume    = {38},
  number    = {Suppl. 3},
  doi       = {10.1159/000381363},
  year      = {2015},
}
@article{TempferBeckmann2016,
  author    = {Clemens B. Tempfer and Matthias W. Beckmann},
  title     = {State-of-the-Art Treatment and Novel Agents in Local and Distant Recurrences of Cervical Cancer},
  journal   = {Oncology Research and Treatment},
  volume    = {39},
  number    = {9},
  doi       = {10.1159/000448529},
  year      = {2016},
}
@article{SchoeffskiWozniakSchoeffskietal.2016,
  author    = {Patrick Sch{\"o}ffski and Agnieszka Wozniak and Oliver Sch{\"o}ffski and Liesbet van Eycken and Maria Debiec-Rychter},
  title     = {Overcoming Cost Implications of Mutational Analysis in Patients with Gastrointestinal Stromal Tumors: A Pragmatic Approach},
  journal   = {Oncology Research and Treatment},
  volume    = {39},
  number    = {12},
  doi       = {10.1159/000453057},
  year      = {2016},
}
@article{FernauMehlisSchildmannetal.2017,
  author    = {Sandra Fernau and Katja Mehlis and Jan Schildmann and Stefan Krause and Eva C. Winkler},
  title     = {The Role of Physicians in Rationing Cancer Care. Attitudes of German Oncologists},
  journal   = {Oncology Research and Treatment},
  volume    = {40},
  number    = {9},
  doi       = {10.1159/000475759},
  year      = {2017},
}
@article{NeumannNeurathAtreya2015,
  author    = {Helmut Neumann and Markus F. Neurath and Raja Atreya},
  title     = {Endoscopic Therapy in Inflammatory Bowel Diseases},
  journal   = {Visceral Medicine},
  volume    = {31},
  number    = {4},
  doi       = {10.1159/000435851},
  year      = {2015},
}
@article{KrautzDenzWeberetal.2017,
  author    = {Christian Krautz and Axel Denz and Georg F. Weber and Robert Gr{\"u}tzmann},
  title     = {Influence of Hospital Volume Effects and Minimum Caseload Requirements on Quality of Care in Pancreatic Surgery in Germany},
  journal   = {Visceral Medicine},
  volume    = {33},
  number    = {2},
  doi       = {10.1159/000456042},
  year      = {2017},
}
@article{AtreyaNeurath2017,
  author    = {Raja Atreya and Markus F. Neurath},
  title     = {Current and Future Targets for Mucosal Healing in Inflammatory Bowel Disease},
  journal   = {Visceral Medicine},
  volume    = {33},
  number    = {1},
  doi       = {10.1159/000458006},
  year      = {2017},
}
@article{ChiriacMahapatroNeurathetal.2017,
  author    = {Mircea T. Chiriac and Mousumi Mahapatro and Markus F. Neurath and Christoph Becker},
  title     = {The Microbiome in Visceral Medicine: Inflammatory Bowel Disease, Obesity and Beyond},
  journal   = {Visceral Medicine},
  volume    = {33},
  number    = {2},
  doi       = {10.1159/000470892},
  year      = {2017},
}
@article{HilzWangRojasLealetal.2017,
  author    = {Max J. Hilz and Ruihao Wang and Carmen de Rojas Leal and Mao Liu and Francesca Canavese and Sankanika Roy and Katharina M. H{\"o}sl and Klemens Winder and De-Hyung Lee and Ralf A. Linker},
  title     = {Fingolimod initiation in multiple sclerosis patients is associated with potential beneficial cardiovascular autonomic effects},
  journal   = {Therapeutic Advances in Neurological Disorders},
  volume    = {10},
  number    = {10},
  doi       = {10.1177/1756285616682936},
  year      = {2017},
}
@article{KnorzKlugeGelseetal.2017,
  author    = {Sebastian Knorz and Felix Kluge and Kolja Gelse and Stefan Schulz-Drost and Thilo Hotfiel and Matthias Lochmann and Bj{\"o}rn Eskofier and Sebastian Krinner},
  title     = {Three-Dimensional Biomechanical Analysis of Rearfoot and Forefoot Running},
  journal   = {Orthopaedic Journal of Sports Medicine},
  volume    = {5},
  number    = {7},
  doi       = {10.1177/2325967117719065},
  year      = {2017},
}
@article{HerdlHuebnerVolkertetal.2017,
  author    = {Sebastian Herdl and Hanna Huebner and Gudrun Volkert and Ines Marek and Carlos Menendez-Castro and Stephanie C. Noegel and Matthias Ruebner and Wolfgang Rascher and Andrea Hartner and Fabian B. Fahlbusch},
  title     = {Integrin {$\alpha$}8 Is Abundant in Human, Rat, and Mouse Trophoblasts},
  journal   = {Reproductive Sciences},
  volume    = {24},
  number    = {10},
  doi       = {10.1177/1933719116689597},
  year      = {2017},
}
@article{MehnertPelteretSteinmann2017,
  author    = {Markus Mehnert and Jean-Paul Pelteret and Paul Steinmann},
  title     = {Numerical modelling of nonlinear thermo-electro-elasticity},
  journal   = {Mathematics and Mechanics of Solids},
  volume    = {22},
  number    = {11},
  doi       = {10.1177/1081286517729867},
  year      = {2017},
}
@article{HotfielCarlEibenbergeretal.2017,
  author    = {Thilo Hotfiel and Hans-Dieter Carl and Teresa Eibenberger and Kolja Gelse and Julian Weiß and Andreas Jendrissek and Bernd Swoboda},
  title     = {Cementless femoral components in bicondylar hybrid knee arthroplasty in patients with rheumatoid arthritis: A 10-year survivorship analysis},
  journal   = {Journal of Orthopaedic Surgery},
  volume    = {25},
  number    = {2},
  doi       = {10.1177/2309499017716252},
  year      = {2017},
}
@article{EsmaeiliJaviliSteinmann2017,
  author    = {Ali Esmaeili and Ali Javili and Paul Steinmann},
  title     = {Highly-conductive energetic coherent interfaces subject to in-plane degradation},
  journal   = {Mathematics and Mechanics of Solids},
  volume    = {22},
  number    = {8},
  doi       = {10.1177/1081286516642818},
  year      = {2017},
}
@phdthesis{Scheffler2019,
  author      = {Laura Scheffler},
  title       = {Characterization of biotransformation and excretion processes of garlic and ramson volatiles in humans: Influence on the aroma and metabolite profile of breast milk and urine},
  type        = {doctoralthesis},
  pages       = {233},
  school      = {Friedrich-Alexander-Universit{\"a}t Erlangen-N{\"u}rnberg (FAU)},
  year        = {2019},
}
@article{GelseKoerberSchoeneetal.2017,
  author    = {Kolja Gelse and Ludwig K{\"o}rber and Martin Sch{\"o}ne and Kay Raum and Peter Koch and Milena Pachowsky and G{\"o}tz Welsch and Roman Breiter},
  title     = {Transplantation of Chemically Processed Decellularized Meniscal Allografts: A Pilot Sheep Study},
  journal   = {Cartilage},
  volume    = {8},
  number    = {2},
  doi       = {10.1177/1947603516646161},
  year      = {2017},
}
@article{VetterNeurath2017,
  author    = {Marcel Vetter and Markus F. Neurath},
  title     = {Emerging oral targeted therapies in inflammatory bowel diseases: opportunities and challenges},
  journal   = {Therapeutic Advances in Gastroenterology},
  volume    = {10},
  number    = {10},
  doi       = {10.1177/1756283X17727388},
  year      = {2017},
}
@article{RegusLangHeinzetal.2017,
  author    = {Susanne Regus and Werner Lang and Marco Heinz and Michael Uder and Axel Schmid},
  title     = {Benefits of Long Versus Short Thrombolysis Times for Acutely Thrombosed Hemodialysis Native Fistulas},
  journal   = {Vascular and Endovascular Surgery},
  volume    = {51},
  number    = {5},
  doi       = {10.1177/1538574417715182},
  year      = {2017},
}
@article{SarkerSinghZehnderetal.2017,
  author    = {Bapi Sarker and Raminder Singh and Tobias Zehnder and Tim Forgber and Christoph Alexiou and Iwona Cicha and Rainer Detsch and Aldo R. Boccaccini},
  title     = {Macromolecular interactions in alginate-gelatin hydrogels regulate the behavior of human fibroblasts},
  journal   = {Journal of Bioactive and Compatible Polymers},
  volume    = {32},
  number    = {3},
  doi       = {10.1177/0883911516668667},
  year      = {2017},
}
@article{Schoentag2017,
  author    = {Roger Sch{\"o}ntag},
  title     = {Il dibattito intorno al volgare antico tra Leonardo Bruni e Flavio Biondo sullo sfondo della cognizione linguistica di Dante},
  journal   = {Forum Italicum: A Journal of Italian Studies},
  volume    = {51},
  number    = {3},
  doi       = {10.1177/0014585817711685},
  year      = {2017},
}
@article{StadlbauerZimmermannHeinzetal.2017,
  author    = {Andreas Stadlbauer and Max Zimmermann and Gertraud Heinz and Stefan Oberndorfer and Arnd Doerfler and Michael Buchfelder and Karl R{\"o}ssler},
  title     = {Magnetic resonance imaging biomarkers for clinical routine assessment of microvascular architecture in glioma},
  journal   = {Journal of Cerebral Blood Flow \& Metabolism},
  volume    = {37},
  number    = {2},
  doi       = {10.1177/0271678X16655549},
  year      = {2017},
}
@article{SteinMichelGlaszeetal.2017,
  author    = {Christian Stein and Boris Michel and Georg Glasze and Robert P{\"u}tz},
  title     = {Learning from failed policy mobilities: Contradictions, resistances and unintended outcomes in the transfer of "Business Improvement Districts" to Germany},
  journal   = {European Urban and Regional Studies},
  volume    = {24},
  number    = {1},
  doi       = {10.1177/0969776415596797},
  year      = {2017},
}
@phdthesis{Classen2019,
  author      = {Anton Classen},
  title       = {Enhancing x-ray diffractive imaging and optical microscopy by use of intensity correlations},
  type        = {doctoralthesis},
  pages       = {1 - 204},
  school      = {Friedrich-Alexander-Universit{\"a}t Erlangen-N{\"u}rnberg (FAU)},
  year        = {2019},
}
@phdthesis{Meier2019,
  author      = {Jessica Meier},
  title       = {Systematische Fraktographie klinisch frakturierter Keramikrestaurationen},
  type        = {doctoralthesis},
  school      = {Friedrich-Alexander-Universit{\"a}t Erlangen-N{\"u}rnberg (FAU)},
  year        = {2019},
}
@phdthesis{Wintergruen2019,
  author      = {Dirk Wintergr{\"u}n},
  title       = {Netzwerkanalysen und semantische Datenmodellierung als heuristische Instrumente f{\"u}r die historische Forschung},
  type        = {doctoralthesis},
  school      = {Friedrich-Alexander-Universit{\"a}t Erlangen-N{\"u}rnberg (FAU)},
  year        = {2019},
}
@phdthesis{Joffe2019,
  author      = {Christopher Joffe},
  title       = {Modellbasierter Entwurf und Charakterisierung eines induktiven Ladesystems f{\"u}r Elektrofahrzeuge},
  type        = {doctoralthesis},
  pages       = {225},
  school      = {Friedrich-Alexander-Universit{\"a}t Erlangen-N{\"u}rnberg (FAU)},
  year        = {2019},
}
@phdthesis{Mahmoud2019,
  author      = {Mohamed Mahmoud},
  title       = {Rainbow trout from aquacultural farming - characterization of aroma profiles as basis for future targeted optimization of sensory quality},
  type        = {doctoralthesis},
  school      = {Friedrich-Alexander-Universit{\"a}t Erlangen-N{\"u}rnberg (FAU)},
  year        = {2019},
}
@phdthesis{Diewald2019,
  author      = {Benedikt Diewald},
  title       = {Computational Analysis of Herpesviral Nuclear Egress Complexes and the Hapten Binding Antibody B1-8},
  type        = {doctoralthesis},
  school      = {Friedrich-Alexander-Universit{\"a}t Erlangen-N{\"u}rnberg (FAU)},
  year        = {2019},
}
@article{DussaDoederleinForstetal.2017,
  author    = {Chakravarthy U. Dussa and Leonhard D{\"o}derlein and Raimund Forst and H. B{\"o}hm and Albert Fujak},
  title     = {Management of Severe Equinovalgus in Patients With Cerebral Palsy by Naviculectomy in Combination With Midfoot Arthrodesis},
  journal   = {Foot \& Ankle International},
  volume    = {38},
  number    = {9},
  doi       = {10.1177/1071100717709577},
  year      = {2017},
}
@article{ShariffBustamanteHossainetal.2017,
  author    = {M. H. B. M. Shariff and Roger Bustamante and Mokarram Hossain and Paul Steinmann},
  title     = {A novel spectral formulation for transversely isotropic magneto-elasticity},
  journal   = {Mathematics and Mechanics of Solids},
  volume    = {22},
  number    = {5},
  doi       = {10.1177/1081286515618999},
  year      = {2017},
}
@article{HartmannGellermannBrandtetal.2017,
  author    = {J. Hartmann and J. Gellermann and T. Brandt and M. Schmidt and S. Pyatykh and J. Hesser and O. Ott and R. Fietkau and C. Bert},
  title     = {Optimization of Single Voxel MR Spectroscopy Sequence Parameters and Data Analysis Methods for Thermometry in Deep Hyperthermia Treatments},
  journal   = {Technology in Cancer Research \& Treatment},
  volume    = {16},
  number    = {4},
  doi       = {10.1177/1533034616656310},
  year      = {2017},
}
@article{BrauerMammenLuger2017,
  author    = {Matthias Brauer and Jan Mammen and Johannes Luger},
  title     = {Sell-Offs and Firm Performance: A Matter of Experience?},
  journal   = {Journal of Management},
  volume    = {43},
  number    = {5},
  doi       = {10.1177/0149206314552452},
  year      = {2017},
}
@article{ZieglerChandlerVialleetal.2017,
  author    = {Albert Ziegler and Kimberley L. Chandler and Wilma Vialle and Heidrun Stoeger},
  title     = {Exogenous and Endogenous Learning Resources in the Actiotope Model of Giftedness and Its Significance for Gifted Education},
  journal   = {Journal for the Education of the Gifted},
  volume    = {40},
  number    = {4},
  doi       = {10.1177/0162353217734376},
  year      = {2017},
}
