@article{WiesmuellerAgaimyPerrakisetal.2019,
  author    = {Felix Wiesmueller and Abbas Agaimy and Aristotelis Perrakis and Andreas Arkudas and Raymund E. Horch and Robert Gr{\"u}tzmann and Nikolaos Vassos},
  title     = {Dermatofibrosarcoma protuberans: surgical management of a challenging mesenchymal tumor},
  journal   = {World Journal of Surgical Oncology},
  volume    = {17},
  doi       = {10.1186/s12957-019-1627-3},
  year      = {2019},
}
@phdthesis{Reinfelder2019,
  author      = {Lena Reinfelder},
  title       = {User Interaction with Smartphone Security and Privacy Mechanisms},
  type        = {doctoralthesis},
  school      = {Friedrich-Alexander-Universit{\"a}t Erlangen-N{\"u}rnberg (FAU)},
  year        = {2019},
}
@phdthesis{Pakala2019,
  author      = {Lalitha Pakala},
  title       = {Kalman Filtering for Mitigation of Optical Fiber Transmission Impairments},
  type        = {doctoralthesis},
  pages       = {135},
  school      = {Friedrich-Alexander-Universit{\"a}t Erlangen-N{\"u}rnberg (FAU)},
  year        = {2019},
}
@article{Schoentag2019b,
  author    = {Roger Sch{\"o}ntag},
  title     = {Sprachraumbildung in Abh{\"a}ngigkeit von Geofaktoren und sozio-politischen Ver{\"a}nderungen. Eine neue Perspektive der Geolinguistik: Die Skizzierung einer Geofaktoriellen Linguistik anhand der Fallbeispiele des Kornischen, des Saterfriesischen und des Ladinischen},
  journal   = {Beitr{\"a}ge zur bayerischen Geschichte, Sprache und Kultur},
  volume    = {2},
  year      = {2019},
}
@article{KoeglMullBaderschneideretal.2019,
  author    = {Matthias Koegl and Christopher Mull and Kevin Baderschneider and Jan Wislicenus and Stefan Will and Lars Zigan},
  title     = {Characterization of Nile Red as a Tracer for Laser-Induced Fluorescence Spectroscopy of Gasoline and Kerosene and Their Mixture with Biofuels},
  journal   = {Sensors},
  volume    = {19},
  number    = {12},
  doi       = {10.3390/s19122822},
  year      = {2019},
}
@article{GieseNeumeierBergholzetal.2019,
  author    = {Sven Giese and Steffen Neumeier and Jan Bergholz and Dmitry Naumenko and Willem J. Quadakkers and Robert Va√üen and Mathias G{\"o}ken},
  title     = {Influence of Different Annealing Atmospheres on the Mechanical Properties of Freestanding MCrAlY Bond Coats Investigated by Micro-Tensile Creep Tests},
  journal   = {Metals},
  volume    = {9},
  number    = {6},
  doi       = {10.3390/met9060692},
  year      = {2019},
}
@article{MuehleWagnerFaerberetal.2019,
  author    = {Christiane M{\"u}hle and Claudia Johanna Wagner and Katharina F{\"a}rber and Tanja Richter-Schmidinger and Erich Gulbins and Bernd Lenz and Johannes Kornhuber},
  title     = {Secretory Acid Sphingomyelinase in the Serum of Medicated Patients Predicts the Prospective Course of Depression},
  journal   = {Journal of Clinical Medicine},
  volume    = {8},
  number    = {6},
  doi       = {10.3390/jcm8060846},
  year      = {2019},
}
@article{LehmannPfahlbergSandmannetal.2019,
  author    = {Maria Lehmann and Annette B. Pfahlberg and Henner Sandmann and Wolfgang Uter and Olaf Gefeller},
  title     = {Public Health Messages Associated with Low UV Index Values Need Reconsideration},
  journal   = {International Journal of Environmental Research and Public Health},
  volume    = {16},
  number    = {12},
  doi       = {10.3390/ijerph16122067},
  year      = {2019},
}
@article{MichlerShiSchellenbergeretal.2019,
  author    = {Fabian Michler and Kilin Shi and Sven Schellenberger and Tobias Steigleder and Anke Malessa and Laura Hameyer and Nina Neumann and Fabian Lurz and Christoph Ostgathe and Robert Weigel and Alexander Koelpin},
  title     = {A Clinically Evaluated Interferometric Continuous-Wave Radar System for the Contactless Measurement of Human Vital Parameters},
  journal   = {Sensors},
  volume    = {19},
  number    = {11},
  doi       = {10.3390/s19112492},
  year      = {2019},
}
@phdthesis{Schmitt2019,
  author      = {Christine Schmitt},
  title       = {Modellbasierte Ver{\"a}nderung der Transport-Spezifit{\"a}t rekombinanter Porine},
  type        = {doctoralthesis},
  school      = {Friedrich-Alexander-Universit{\"a}t Erlangen-N{\"u}rnberg (FAU)},
  year        = {2019},
}
